@misc{coach_double_nodate,
author = {Coach, Electronics},
booktitle = {What is Double Sideband Suppressed Carrier Modulation (DSB-SC)? Definition, generation, applications of DSB-SC - Electronics Coach},
mendeley-groups = {Trabajo5_TTL1},
title = {{Double {Sideband} {Suppressed} {Carrier} ({DSB}-{SC}) {Modulation}}},
url = {https://electronicscoach.com/double-sideband-suppressed-carrier-modulation.html}
}

@book{TelloPortillo2017,
author = {{Tello Portillo}, Juan Pablo},
isbn = {9789587418040},
language = {es},
mendeley-groups = {Trabajo5_TTL1},
pages = {181},
publisher = {Universidad del Norte},
title = {{Introduccion a las senales y sistemas}},
url = {https://elibro.net/es/lc/unicauca/titulos/70025},
year = {2017}
}

@book{MedinaDelgado2018,
author = {{Medina Delgado}, Byron and {Medina Delgado}, Byron and {Gomez Rojas}, Jorge},
isbn = {9789587460841},
language = {es},
mendeley-groups = {Trabajo5_TTL1},
pages = {103},
publisher = {Editorial Unimagdalena},
title = {{Telecomunicacion analogica: principios de simulacion y tratamiento de senal}},
url = {https://elibro.net/es/lc/unicauca/titulos/70112},
year = {2018}
}

@book{SuarezVargas2012,
author = {{Suarez Vargas}, Francisco Cesar},
isbn = {9781512916270},
language = {es},
mendeley-groups = {Trabajo5_TTL1},
pages = {170},
publisher = {Jorge Sarmiento Editor - Universitas},
title = {{Principios de sistemas de comunicaciones}},
url = {https://elibro.net/es/lc/unicauca/titulos/77609},
year = {2012}
}

@article{Ramirez2020,
author = {Ram{\'{i}}rez, Mauricio},
file = {:home/jnicolaschc/Semestre Actual/Teor{\'{i}}a de Telecomunicaciones I/Material de estudio/Diapositivas Ing. Mauricio Ramirez/TTL1 Corte 3_2.pdf:pdf},
journal = {Notas de clase},
mendeley-groups = {Trabajo5_TTL1},
pages = {25},
title = {{Modulaci{\'{o}}n Lineal AM y DSB}},
volume = {1},
year = {2020}
}

@article{Zambrano2021,
author = {Zambrano, Manuela Silva},
file = {:home/jnicolaschc/Semestre Actual/Teor{\'{i}}a de Telecomunicaciones I/5. Modulaciones Anal{\'{o}}gicas/Diapositivas modulaciones anal{\'{o}}gicas/cap{\'{i}}tulo V.pdf:pdf},
journal = {Notas de clase},
mendeley-groups = {Trabajo5_TTL1},
pages = {17--24},
title = {{Cap{\'{i}}tulo 5: Modulaciones Anal{\'{o}}gicas}},
volume = {1},
year = {2021}
}
