
@misc{coach_double_nodate,
	title = {Double {Sideband} {Suppressed} {Carrier} ({DSB}-{SC}) {Modulation}},
	url = {https://electronicscoach.com/double-sideband-suppressed-carrier-modulation.html},
	urldate = {2021-09-19},
	journal = {What is Double Sideband Suppressed Carrier Modulation (DSB-SC)? Definition, generation, applications of DSB-SC - Electronics Coach},
	author = {Coach, Electronics},
}
